<?xml version="1.0" encoding="UTF-8"?><collection xmlns="http://www.loc.gov/MARC21/slim"><record><leader>00573nam--2200157-i-4500</leader><controlfield tag="001">000020055</controlfield><controlfield tag="002">20161230</controlfield><controlfield tag="005">20161230201033</controlfield><controlfield tag="008">060222s1000------------r-----000-0-eng-d</controlfield><datafield ind1=" " ind2=" " tag="080"><subfield code="a">517.968</subfield></datafield><datafield ind1=" " ind2=" " tag="100"><subfield code="a">Duduchava,Roland</subfield></datafield><datafield ind1="1" ind2="0" tag="245"><subfield code="a">Integral equations in convolution with discontinuous presymbols, singular integral equations with fixed singularrities, and their applications to some problems of mechanics</subfield></datafield><datafield ind1=" " ind2=" " tag="260"><subfield code="a">Leipzig. Teubner Verlagsgesellschaft, 1981. 172 P</subfield></datafield><datafield ind1=" " ind2=" " tag="490"><subfield code="a">Teubner-texte Zur Mathematik</subfield></datafield><datafield ind1=" " ind2=" " tag="852"><subfield code="a">70336</subfield><subfield code="c">517.9</subfield></datafield><datafield ind1=" " ind2=" " tag="CAT"><subfield code="a">Sys</subfield><subfield code="c">20090407</subfield><subfield code="h">120922</subfield></datafield></record></collection>